@article{2020SciPy-NMeth,
  author  = {Virtanen, Pauli and Gommers, Ralf and Oliphant, Travis E. and
             Haberland, Matt and Reddy, Tyler and Cournapeau, David and
             Burovski, Evgeni and Peterson, Pearu and Weckesser, Warren and
             Bright, Jonathan and {van der Walt}, St{\'e}fan J. and
             Brett, Matthew and Wilson, Joshua and Millman, K. Jarrod and
             Mayorov, Nikolay and Nelson, Andrew R. J. and Jones, Eric and
             Kern, Robert and Larson, Eric and Carey, C J and
             Polat, {\.I}lhan and Feng, Yu and Moore, Eric W. and
             {VanderPlas}, Jake and Laxalde, Denis and Perktold, Josef and
             Cimrman, Robert and Henriksen, Ian and Quintero, E. A. and
             Harris, Charles R. and Archibald, Anne M. and
             Ribeiro, Ant{\^o}nio H. and Pedregosa, Fabian and
             {van Mulbregt}, Paul and {SciPy 1.0 Contributors}},
  title   = {{{SciPy} 1.0: Fundamental Algorithms for Scientific
             Computing in Python}},
  journal = {Nature Methods},
  year    = {2020},
  volume  = {17},
  pages   = {261--272},
  adsurl  = {https://rdcu.be/b08Wh},
  doi     = {10.1038/s41592-019-0686-2}
}


@article{ahmad_landform_2021,
  title      = {Landform evolution of {Tharsis} {Montes} and {Olympus} {Mons} of {Mars}: {Insights} from morphometric, hypsometric and chronologic evidences},
  volume     = {130},
  issn       = {2347-4327, 0973-774X},
  shorttitle = {Landform evolution of {Tharsis} {Montes} and {Olympus} {Mons} of {Mars}},
  url        = {https://link.springer.com/10.1007/s12040-021-01672-5},
  doi        = {10.1007/s12040-021-01672-5},
  number     = {3},
  urldate    = {2023-01-13},
  journal    = {Journal of Earth System Science},
  author     = {Ahmad, Adnan and Nair, Archana M},
  month      = sep,
  year       = {2021},
  pages      = {172}
}


@article{arkani-hamed_strength_2000,
  title   = {Strength of {Martian} lithosphere beneath large volcanoes},
  volume  = {105},
  issn    = {2156-2202},
  url     = {https://onlinelibrary.wiley.com/doi/abs/10.1029/2000JE001267},
  doi     = {10.1029/2000JE001267},
  number  = {E11},
  urldate = {2022-06-10},
  journal = {Journal of Geophysical Research: Planets},
  author  = {Arkani-Hamed, Jafar},
  year    = {2000},
  note    = {\_eprint: https://onlinelibrary.wiley.com/doi/pdf/10.1029/2000JE001267},
  pages   = {26713--26732}
}

@article{arkani-hamed_stress_2002,
  title      = {Stress differences in the {Martian} lithosphere: {Constraints} on the thermal state of {Mars}},
  volume     = {107},
  issn       = {2156-2202},
  shorttitle = {Stress differences in the {Martian} lithosphere},
  url        = {https://onlinelibrary.wiley.com/doi/abs/10.1029/2002JE001851},
  doi        = {10.1029/2002JE001851},
  number     = {E12},
  urldate    = {2022-06-10},
  journal    = {Journal of Geophysical Research: Planets},
  author     = {Arkani-Hamed, Jafar and Riendler, Lucas},
  year       = {2002},
  note       = {\_eprint: https://onlinelibrary.wiley.com/doi/pdf/10.1029/2002JE001851},
  keywords   = {elastic support, Mars gravity, Mars lithosphere, Mars strength},
  pages      = {2--1--2--6}
}


@article{baratoux_shape_2009,
  series   = {Tectonic and volcanic history of the {Tharsis} province, {Mars}},
  title    = {Shape, rheology and emplacement times of small martian shield volcanoes},
  volume   = {185},
  issn     = {0377-0273},
  url      = {https://www.sciencedirect.com/science/article/pii/S0377027309002066},
  doi      = {10.1016/j.jvolgeores.2009.05.003},
  number   = {1},
  urldate  = {2022-06-10},
  journal  = {Journal of Volcanology and Geothermal Research},
  author   = {Baratoux, D. and Pinet, P. and Toplis, M. J. and Mangold, N. and Greeley, R. and Baptista, A. R.},
  month    = aug,
  year     = {2009},
  keywords = {Mars, volcanism, Tharsis, shield volcanoes, morphology},
  pages    = {47--68},
}


@article{basilevsky_geologically_2006,
  title   = {Geologically recent tectonic, volcanic and fluvial activity on the eastern flank of the {Olympus} {Mons} volcano, {Mars}},
  volume  = {33},
  issn    = {1944-8007},
  url     = {https://onlinelibrary.wiley.com/doi/abs/10.1029/2006GL026396},
  doi     = {10.1029/2006GL026396},
  number  = {13},
  urldate = {2023-01-03},
  journal = {Geophysical Research Letters},
  author  = {Basilevsky, A. T. and Werner, S. C. and Neukum, G. and Head, J. W. and van Gasselt, S. and Gwinner, K. and Ivanov, B. A.},
  year    = {2006},
  note    = {\_eprint: https://onlinelibrary.wiley.com/doi/pdf/10.1029/2006GL026396},
}


@article{black_eruptibility_2016,
  title    = {The eruptibility of magmas at {Tharsis} and {Syrtis} {Major} on {Mars}},
  volume   = {121},
  issn     = {2169-9100},
  url      = {https://onlinelibrary.wiley.com/doi/abs/10.1002/2016JE004998},
  doi      = {10.1002/2016JE004998},
  number   = {6},
  urldate  = {2022-06-10},
  journal  = {Journal of Geophysical Research: Planets},
  author   = {Black, Benjamin A. and Manga, Michael},
  year     = {2016},
  note     = {\_eprint: https://onlinelibrary.wiley.com/doi/pdf/10.1002/2016JE004998},
  keywords = {Mars, volcanism, Tharsis, I/E ratio, magmatism, Syrtis Major},
  pages    = {944--964},
}


@article{bleacher_olympus_2007,
  title      = {Olympus {Mons}, {Mars}: {Inferred} changes in late {Amazonian} aged effusive activity from lava flow mapping of {Mars} {Express} {High} {Resolution} {Stereo} {Camera} data},
  volume     = {112},
  issn       = {2156-2202},
  shorttitle = {Olympus {Mons}, {Mars}},
  url        = {https://onlinelibrary.wiley.com/doi/abs/10.1029/2006JE002826},
  doi        = {10.1029/2006JE002826},
  number     = {E4},
  urldate    = {2023-01-03},
  journal    = {Journal of Geophysical Research: Planets},
  author     = {Bleacher, Jacob E. and Greeley, Ronald and Williams, David A. and Werner, Stephanie C. and Hauber, Ernst and Neukum, Gerhard},
  year       = {2007},
  note       = {\_eprint: https://onlinelibrary.wiley.com/doi/pdf/10.1029/2006JE002826},
  keywords   = {Mars, lava flows, Olympus Mons}
}


@article{bleacher_trends_2007,
  title   = {Trends in effusive style at the {Tharsis} {Montes}, {Mars}, and implications for the development of the {Tharsis} province},
  volume  = {112},
  issn    = {0148-0227},
  url     = {https://agupubs.onlinelibrary.wiley.com/doi/full/10.1029/2006JE002873},
  doi     = {10.1029/2006JE002873},
  number  = {E9},
  urldate = {2022-08-08},
  journal = {Journal of Geophysical Research: Planets},
  author  = {Bleacher, Jacob E. and Greeley, Ronald and Williams, David A. and Cave, Shelby R. and Neukum, Gerhard},
  month   = sep,
  year    = {2007},
  note    = {Publisher: John Wiley \& Sons, Ltd}
}


@article{broquet_gravitational_2019,
  title    = {The {Gravitational} {Signature} of {Martian} {Volcanoes}},
  volume   = {124},
  issn     = {2169-9100},
  url      = {https://onlinelibrary.wiley.com/doi/abs/10.1029/2019JE005959},
  doi      = {10.1029/2019JE005959},
  number   = {8},
  urldate  = {2022-06-15},
  journal  = {Journal of Geophysical Research: Planets},
  author   = {Broquet, A. and Wieczorek, M. A.},
  year     = {2019},
  note     = {\_eprint: https://onlinelibrary.wiley.com/doi/pdf/10.1029/2019JE005959},
  keywords = {Mars, Geophysics, Gravity, Volcanism},
  pages    = {2054--2086},
}


@article{byrne_geometry_2009,
  title    = {The geometry of volcano flank terraces on {Mars}},
  volume   = {281},
  issn     = {0012-821X},
  url      = {https://www.sciencedirect.com/science/article/pii/S0012821X09000776},
  doi      = {10.1016/j.epsl.2009.01.043},
  number   = {1},
  urldate  = {2023-01-08},
  journal  = {Earth and Planetary Science Letters},
  author   = {Byrne, Paul K. and van Wyk de Vries, Benjamin and Murray, John B. and Troll, Valentin R.},
  month    = apr,
  year     = {2009},
  keywords = {Mars, Earth, flank, terrace, volcano, volcanotectonic},
  pages    = {1--13},
}


@inproceedings{carmo_physical_2020,
  title      = {Physical {Modelling} vs. {Numerical} {Modelling}: {Complementarity} and {Learning}},
  shorttitle = {Physical {Modelling} vs. {Numerical} {Modelling}},
  doi        = {10.20944/preprints202007.0753.v1},
  author     = {Carmo, J. D.},
  year       = {2020},
  file       = {Full Text PDF:/Users/henry/Zotero/storage/5DA4J69Q/Carmo - 2020 - Physical Modelling vs. Numerical Modelling Comple.pdf:application/pdf}
}


@article{carr_geologic_2010,
  series   = {Mars {Express} after 6 Years in Orbit: {Mars} Geology from Three-Dimensional Mapping by the {High} {Resolution} {Stereo} {Camera} ({HRSC}) Experiment},
  title    = {Geologic history of {Mars}},
  volume   = {294},
  issn     = {0012-821X},
  url      = {https://www.sciencedirect.com/science/article/pii/S0012821X09003847},
  doi      = {10.1016/j.epsl.2009.06.042},
  number   = {3},
  urldate  = {2022-10-25},
  journal  = {Earth and Planetary Science Letters},
  author   = {Carr, Michael H. and Head, James W.},
  month    = jun,
  year     = {2010},
  keywords = {Geology, History, Mars},
  pages    = {185--203}
}


@article{carr_volcanism_1973,
  title   = {Volcanism on {Mars}},
  volume  = {78},
  issn    = {2156-2202},
  url     = {https://onlinelibrary.wiley.com/doi/abs/10.1029/JB078i020p04049},
  doi     = {10.1029/JB078i020p04049},
  number  = {20},
  urldate = {2023-03-21},
  journal = {Journal of Geophysical Research (1896-1977)},
  author  = {Carr, Michael H.},
  year    = {1973},
  pages   = {4049--4062}
}


@article{chadwick_late_2015,
  title   = {Late {Amazonian} subsidence and magmatism of {Olympus} {Mons}, {Mars}},
  volume  = {120},
  doi     = {10.1002/2015JE004875},
  journal = {Journal of Geophysical Research: Planets},
  author  = {Chadwick, John and McGovern, Patrick and Simpson, Mariel and Reeves, Ashleigh},
  month   = sep,
  year    = {2015}
}

@incollection{chapman_terrestrial_2007,
  edition   = {1},
  title     = {Terrestrial analogs to the calderas of the {Tharsis} volcanoes on {Mars}},
  isbn      = {978-0-521-83292-2 978-0-511-53601-4 978-0-521-20659-4},
  url       = {https://www.cambridge.org/core/product/identifier/CBO9780511536014A009/type/book_part},
  urldate   = {2023-01-07},
  booktitle = {The {Geology} of {Mars}},
  publisher = {Cambridge University Press},
  author    = {Mouginis-Mark, Peter J. and Harris, Andrew J. L. and Rowland, Scott K.},
  editor    = {Chapman, Mary},
  month     = may,
  year      = {2007},
  doi       = {10.1017/CBO9780511536014.004},
  pages     = {71--94},
  file      = {Mouginis-Mark et al. - 2007 - Terrestrial analogs to the calderas of the Tharsis.pdf:/Users/henry/Zotero/storage/43ULAZW3/Mouginis-Mark et al. - 2007 - Terrestrial analogs to the calderas of the Tharsis.pdf:application/pdf}
}

@article{cohen_taking_2017,
  title   = {Taking the pulse of {Mars} via dating of a plume-fed volcano},
  volume  = {8},
  doi     = {10.1038/s41467-017-00513-8},
  journal = {Nature Communications},
  author  = {Cohen, Benjamin and Mark, Darren and Cassata, William and Lee, M. and Tomkinson, Tim and Smith, Caroline},
  month   = oct,
  year    = {2017}
}

@article{cole_calderas_2005,
  title      = {Calderas and caldera structures: a review},
  volume     = {69},
  issn       = {0012-8252},
  shorttitle = {Calderas and caldera structures},
  url        = {https://www.sciencedirect.com/science/article/pii/S0012825204000868},
  doi        = {10.1016/j.earscirev.2004.06.004},
  number     = {1},
  urldate    = {2022-10-25},
  journal    = {Earth-Science Reviews},
  author     = {Cole, J. W. and Milner, D. M. and Spinks, K. D.},
  month      = feb,
  year       = {2005},
  keywords   = {Caldera, Morphology, Structure, Terminology, Tumescence/resurgence},
  pages      = {1--26},
  file       = {ScienceDirect Full Text PDF:/Users/henry/Zotero/storage/HXLW43P6/Cole et al. - 2005 - Calderas and caldera structures a review.pdf:application/pdf}
}

@inproceedings{dickson_global_2018,
  title   = {A {Global}, blended {CTX} mosaic of {Mars} with vectorized seam mapping: {A} new mosaicking pipeline using principles of non-destructive image editing.},
  url     = {http://murray-lab.caltech.edu/CTX/},
  urldate = {2022-09-05},
  author  = {Dickson and Kerber, L. A. and Fasset, C. I. and Ehlmann, B. L.},
  year    = {2018},
  file    = {Dickson et al. - 2018 - A Global, blended CTX mosaic of Mars with vectoriz.pdf:/Users/henry/Zotero/storage/BI6LGZNM/Dickson et al. - 2018 - A Global, blended CTX mosaic of Mars with vectoriz.pdf:application/pdf;The Murray Lab - A Global CTX Mosaic of Mars:/Users/henry/Zotero/storage/NTIURA6H/CTX.html:text/html}
}

@inproceedings{Dickson2018AGB,
  title  = {A Global, Blended {CTX} Mosaic of {Mars} with Vectorized Seam Mapping: A New Mosaicking Pipeline Using Principles of Non-Destructive Image Editing},
  author = {James L. Dickson and Laura Kerber and Caleb I. Fassett and Bethany L. Ehlmann},
  year   = {2018}
}

@article{dietterich_benchmarking_2017,
  title    = {Benchmarking computational fluid dynamics models of lava flow simulation for hazard assessment, forecasting, and risk management},
  volume   = {6},
  issn     = {2191-5040},
  url      = {https://doi.org/10.1186/s13617-017-0061-x},
  doi      = {10.1186/s13617-017-0061-x},
  number   = {1},
  urldate  = {2022-09-20},
  journal  = {Journal of Applied Volcanology},
  author   = {Dietterich, Hannah R. and Lev, Einat and Chen, Jiangzhi and Richardson, Jacob A. and Cashman, Katharine V.},
  month    = may,
  year     = {2017},
  keywords = {Lava flows, Analogue experiments, Benchmarking, Model validation, Numerical modeling},
  pages    = {9},
  file     = {Full Text PDF:/Users/henry/Zotero/storage/4YRHENXK/Dietterich et al. - 2017 - Benchmarking computational fluid dynamics models o.pdf:application/pdf}
}

@article{discenza_utilization_2022,
  title      = {Utilization of the {Voronoï} tessellation for improved planetary age determination: {A} case study of a large rampart crater in {Thaumasia} {Planum} ({Mars})},
  volume     = {217},
  issn       = {0032-0633},
  shorttitle = {Utilization of the {Voronoï} tessellation for improved planetary age determination},
  url        = {https://www.sciencedirect.com/science/article/pii/S0032063322000897},
  doi        = {10.1016/j.pss.2022.105503},
  urldate    = {2023-01-13},
  journal    = {Planetary and Space Science},
  author     = {Discenza, Marco Emanuele and Minnillo, Mariacarmela and Komatsu, Goro and Miccadei, Enrico},
  month      = aug,
  year       = {2022},
  keywords   = {Absolute dating, Crater counting, CSFD, Ejecta blanket, Rampart crater, Resurfacing events},
  pages      = {105503}
}

@article{dohm_new_2009,
  series   = {Tectonic and volcanic history of the {Tharsis} province, {Mars}},
  title    = {New evidence for a magmatic influence on the origin of {Valles} {Marineris}, {Mars}},
  volume   = {185},
  issn     = {0377-0273},
  url      = {https://www.sciencedirect.com/science/article/pii/S0377027308006288},
  doi      = {10.1016/j.jvolgeores.2008.11.029},
  number   = {1},
  urldate  = {2022-06-10},
  journal  = {Journal of Volcanology and Geothermal Research},
  author   = {Dohm, James M. and Williams, Jean-Pierre and Anderson, Robert C. and Ruiz, Javier and McGuire, Patrick C. and Komatsu, Goro and Davila, Alfonso F. and Ferris, Justin C. and Schulze-Makuch, Dirk and Baker, Victor R. and Boynton, William V. and Fairén, Alberto G. and Hare, Trent M. and Miyamoto, Hirdy and Tanaka, Kennth L. and Wheelock, Shawn J.},
  month    = aug,
  year     = {2009},
  keywords = {Mars, Tharsis, canyon system, life, magma, plume, superplume, Valles Marineris, water},
  pages    = {12--27},
  file     = {Accepted Version:/Users/henry/Zotero/storage/XKFMKJZU/Dohm et al. - 2009 - New evidence for a magmatic influence on the origi.pdf:application/pdf;ScienceDirect Snapshot:/Users/henry/Zotero/storage/BHWZTI7H/S0377027308006288.html:text/html}
}

@article{flynn_determining_nodate,
  title   = {Determining {Emplacement} {Conditions} and {Vent} {Locations} for {Channelized} {Lava} {Flows} {Southwest} of {Arsia} {Mons}},
  volume  = {n/a},
  issn    = {2169-9100},
  url     = {https://onlinelibrary.wiley.com/doi/abs/10.1029/2022JE007467},
  doi     = {10.1029/2022JE007467},
  number  = {n/a},
  urldate = {2022-11-07},
  journal = {Journal of Geophysical Research: Planets},
  author  = {Flynn, I. T. W. and Crown, D. A. and Ramsey, M. S.},
  note    = {\_eprint: https://onlinelibrary.wiley.com/doi/pdf/10.1029/2022JE007467},
  pages   = {},
  file    = {Full Text PDF:/Users/henry/Zotero/storage/CDBT7EAZ/Flynn et al. - Determining Emplacement Conditions and Vent Locati.pdf:application/pdf}
}

@article{gregg_catastrophic_2012,
  title      = {Catastrophic caldera-forming eruptions: {Thermomechanics} and implications for eruption triggering and maximum caldera dimensions on {Earth}},
  volume     = {241-242},
  issn       = {0377-0273},
  shorttitle = {Catastrophic caldera-forming eruptions},
  url        = {https://www.sciencedirect.com/science/article/pii/S0377027312001692},
  doi        = {10.1016/j.jvolgeores.2012.06.009},
  language   = {en},
  urldate    = {2023-04-18},
  journal    = {Journal of Volcanology and Geothermal Research},
  author     = {Gregg, P. M. and de Silva, S. L. and Grosfils, E. B. and Parmigiani, J. P.},
  month      = oct,
  year       = {2012},
  keywords   = {Caldera collapse, Finite-element model, Geodynamic model, Magma chamber rupture, Mohr–Coulomb failure, Resurgence, Surface displacement, Thermomechanics, Tumescence},
  pages      = {1--12}
}

@article{grosfils_elastic_2015,
  title      = {Elastic models of magma reservoir mechanics: a key tool for investigating planetary volcanism},
  shorttitle = {Elastic models of magma reservoir mechanics},
  url        = {https://pubs.geoscienceworld.org/gsl/books/book/1767/chapter/107659032/Elastic-models-of-magma-reservoir-mechanicsa-key},
  doi        = {10.1144/SP401.2},
  urldate    = {2022-07-26},
  author     = {Grosfils, Eric B. and McGovern, Patrick J. and Gregg, Patricia M. and Galgana, Gerald A. and Hurwitz, Debra M. and Long, Sylvan M. and Chestler, Shelley R.},
  month      = jan,
  year       = {2015}
}

@article{grosfils_magma_2007,
  title      = {Magma reservoir failure on the terrestrial planets: {Assessing} the importance of gravitational loading in simple elastic models},
  volume     = {166},
  issn       = {0377-0273},
  shorttitle = {Magma reservoir failure on the terrestrial planets},
  url        = {https://www.sciencedirect.com/science/article/pii/S0377027307001941},
  doi        = {10.1016/j.jvolgeores.2007.06.007},
  number     = {2},
  urldate    = {2022-07-26},
  journal    = {Journal of Volcanology and Geothermal Research},
  author     = {Grosfils, Eric B.},
  month      = oct,
  year       = {2007},
  keywords   = {planetary volcanism, gravity, finite element modeling, free surface effect, gravitational loading, inflation, intrusion geometry, magma reservoir, neutral buoyancy, rupture location, surface displacement},
  pages      = {47--75},
  file       = {ScienceDirect Full Text PDF:/Users/henry/Zotero/storage/75XLSRXV/Grosfils - 2007 - Magma reservoir failure on the terrestrial planets.pdf:application/pdf}
}

@article{grott_long-term_2013,
  title    = {Long-{Term} {Evolution} of the {Martian} {Crust}-{Mantle} {System}},
  volume   = {174},
  issn     = {1572-9672},
  url      = {https://doi.org/10.1007/s11214-012-9948-3},
  doi      = {10.1007/s11214-012-9948-3},
  number   = {1},
  urldate  = {2022-06-15},
  journal  = {Space Science Reviews},
  author   = {Grott, M. and Baratoux, D. and Hauber, E. and Sautter, V. and Mustard, J. and Gasnault, O. and Ruff, S. W. and Karato, S.-I. and Debaille, V. and Knapmeyer, M. and Sohl, F. and Van Hoolst, T. and Breuer, D. and Morschhauser, A. and Toplis, M. J.},
  month    = jan,
  year     = {2013},
  keywords = {Geochemistry, Mars, Geophysics, Volcanism},
  pages    = {49--111}
}

@article{hauber_topography_2009,
  series   = {Tectonic and volcanic history of the {Tharsis} province, {Mars}},
  title    = {The topography and morphology of low shields and associated landforms of plains volcanism in the {Tharsis} region of {Mars}},
  volume   = {185},
  issn     = {0377-0273},
  url      = {https://www.sciencedirect.com/science/article/pii/S0377027309001917},
  doi      = {10.1016/j.jvolgeores.2009.04.015},
  number   = {1},
  urldate  = {2022-06-10},
  journal  = {Journal of Volcanology and Geothermal Research},
  author   = {Hauber, Ernst and Bleacher, J. E. and Gwinner, Klaus and Williams, David and Greeley, R.},
  month    = aug,
  year     = {2009},
  keywords = {volcanism, lava, mars, plains volcanism, shield volcanoes},
  pages    = {69--95}
}

@article{hauber_very_2011,
  title    = {Very recent and wide-spread basaltic volcanism on {Mars}},
  volume   = {38},
  issn     = {1944-8007},
  url      = {https://onlinelibrary.wiley.com/doi/abs/10.1029/2011GL047310},
  doi      = {10.1029/2011GL047310},
  number   = {10},
  urldate  = {2023-01-03},
  journal  = {Geophysical Research Letters},
  author   = {Hauber, E. and Brož, P. and Jagert, F. and Jodłowski, P. and Platz, T.},
  year     = {2011},
  note     = {\_eprint: https://onlinelibrary.wiley.com/doi/pdf/10.1029/2011GL047310},
  keywords = {Mars, volcanism, lava flows, basalt, chronology, rheology},
  file     = {Full Text PDF:/Users/henry/Zotero/storage/9Q63D5ZY/Hauber et al. - 2011 - Very recent and wide-spread basaltic volcanism on .pdf:application/pdf}
}

@article{hauck_ii_thermal_2002,
  title    = {Thermal and crustal evolution of {Mars}},
  volume   = {107},
  issn     = {2156-2202},
  url      = {https://onlinelibrary.wiley.com/doi/abs/10.1029/2001JE001801},
  doi      = {10.1029/2001JE001801},
  number   = {E7},
  urldate  = {2022-06-15},
  journal  = {Journal of Geophysical Research: Planets},
  author   = {Hauck II, Steven A. and Phillips, Roger J.},
  year     = {2002},
  keywords = {Mars, mantle convection, partial melting, crust, thermal evolution}
}

@article{helgason_formation_1999,
  title   = {Formation of {Olympus} {Mons} and the aureole-escarpment problem on {Mars}},
  volume  = {27},
  issn    = {0091-7613},
  url     = {https://doi.org/10.1130/0091-7613(1999)027<0231:FOOMAT>2.3.CO;2},
  doi     = {10.1130/0091-7613(1999)027<0231:FOOMAT>2.3.CO;2},
  number  = {3},
  urldate = {2023-01-03},
  journal = {Geology},
  author  = {Helgason, Johann},
  month   = mar,
  year    = {1999},
  pages   = {231--234},
  file    = {Helgason - 1999 - Formation of Olympus Mons and the aureole-escarpme.pdf:/Users/henry/Zotero/storage/LJDLDYK6/Helgason - 1999 - Formation of Olympus Mons and the aureole-escarpme.pdf:application/pdf}
}

@article{hulme_determination_1976,
  title   = {The determination of the rheological properties and effusion rate of an {Olympus} {Mons} lava},
  volume  = {27},
  issn    = {0019-1035},
  url     = {https://www.sciencedirect.com/science/article/pii/001910357690004X},
  doi     = {10.1016/0019-1035(76)90004-X},
  number  = {2},
  urldate = {2023-01-07},
  journal = {Icarus},
  author  = {Hulme, G.},
  month   = feb,
  year    = {1976},
  pages   = {207--213},
  file    = {Hulme - 1976 - The determination of the rheological properties an.pdf:/Users/henry/Zotero/storage/CC7WFBAA/Hulme - 1976 - The determination of the rheological properties an.pdf:application/pdf}
}

@article{hyman_toward_2022,
  title      = {Toward {Next}-{Generation} {Lava} {Flow} {Forecasting}: {Development} of a {Fast}, {Physics}-{Based} {Lava} {Propagation} {Model}},
  volume     = {127},
  issn       = {2169-9356},
  shorttitle = {Toward {Next}-{Generation} {Lava} {Flow} {Forecasting}},
  url        = {https://onlinelibrary.wiley.com/doi/abs/10.1029/2022JB024998},
  doi        = {10.1029/2022JB024998},
  number     = {10},
  urldate    = {2022-11-10},
  journal    = {Journal of Geophysical Research: Solid Earth},
  author     = {Hyman, David M. R. and Dietterich, Hannah R. and Patrick, Matthew R.},
  year       = {2022},
  note       = {\_eprint: https://onlinelibrary.wiley.com/doi/pdf/10.1029/2022JB024998},
  keywords   = {lava flows, depth-averaged model, finite volume, forecasting, Lava2d, thermal stratification},
  pages      = {},
  annote     = {e2022JB024998 2022JB024998},
  file       = {Full Text PDF:/Users/henry/Zotero/storage/YR6BFFMK/Hyman et al. - 2022 - Toward Next-Generation Lava Flow Forecasting Deve.pdf:application/pdf}
}

@article{hynek_explosive_2003,
  title      = {Explosive volcanism in the {Tharsis} region: {Global} evidence in the {Martian} geologic record},
  volume     = {108},
  issn       = {2156-2202},
  shorttitle = {Explosive volcanism in the {Tharsis} region},
  url        = {https://onlinelibrary.wiley.com/doi/abs/10.1029/2003JE002062},
  doi        = {10.1029/2003JE002062},
  number     = {E9},
  urldate    = {2022-06-10},
  journal    = {Journal of Geophysical Research: Planets},
  author     = {Hynek, Brian M. and Phillips, Roger J. and Arvidson, Raymond E.},
  year       = {2003},
  note       = {\_eprint: https://onlinelibrary.wiley.com/doi/pdf/10.1029/2003JE002062},
  keywords   = {Mars, volcanism, layered deposits, particle transport, plinian, Tharsis},
  file       = {Full Text PDF:/Users/henry/Zotero/storage/KWFBZSJF/Hynek et al. - 2003 - Explosive volcanism in the Tharsis region Global .pdf:application/pdf;Snapshot:/Users/henry/Zotero/storage/LZ4654MH/2003JE002062.html:text/html}
}

@article{isherwood_volcanic_2013,
  title    = {The volcanic history of {Olympus} {Mons} from paleo-topography and flexural modeling},
  volume   = {363},
  issn     = {0012-821X},
  url      = {https://www.sciencedirect.com/science/article/pii/S0012821X12007066},
  doi      = {10.1016/j.epsl.2012.12.020},
  urldate  = {2022-09-02},
  journal  = {Earth and Planetary Science Letters},
  author   = {Isherwood, Ryan J. and Jozwiak, Lauren M. and Jansen, Johanna C. and Andrews-Hanna, Jeffrey C.},
  month    = feb,
  year     = {2013},
  keywords = {Mars, volcanism, flexure, paleotopography},
  pages    = {88--96}
}

@article{jacobo-bojorquez_distribution_2020,
  title      = {Distribution of {Eruptive} {Centers} on {Top} of {Large} {Shield} {Volcanoes} in the {Inner} {Solar} {System}: {General} {Classification} and {Glimpses} of {Their} {Subvolcanic} {Structure}},
  volume     = {125},
  issn       = {2169-9100},
  shorttitle = {Distribution of {Eruptive} {Centers} on {Top} of {Large} {Shield} {Volcanoes} in the {Inner} {Solar} {System}},
  url        = {https://onlinelibrary.wiley.com/doi/abs/10.1029/2020JE006431},
  doi        = {10.1029/2020JE006431},
  number     = {12},
  urldate    = {2023-01-03},
  journal    = {Journal of Geophysical Research: Planets},
  author     = {Jacobo-Bojórquez, Rocío and Cañón-Tapia, Edgardo},
  year       = {2020},
  note       = {\_eprint: https://onlinelibrary.wiley.com/doi/pdf/10.1029/2020JE006431},
  pages      = {},
  annote     = {e2020JE006431 2020JE006431},
  file       = {Full Text PDF:/Users/henry/Zotero/storage/RUBC7KQB/Jacobo-Bojórquez and Cañón-Tapia - 2020 - Distribution of Eruptive Centers on Top of Large S.pdf:application/pdf}
}



@article{jellinek_constraints_2008,
  title    = {Constraints on the elastic thickness, heat flow, and melt production at early {Tharsis} from topography and magnetic field observations},
  volume   = {113},
  issn     = {2156-2202},
  url      = {https://onlinelibrary.wiley.com/doi/abs/10.1029/2007JE003005},
  doi      = {10.1029/2007JE003005},
  number   = {E9},
  urldate  = {2022-06-15},
  journal  = {Journal of Geophysical Research: Planets},
  author   = {Jellinek, A. M. and Johnson, C. L. and Schubert, G.},
  year     = {2008},
  note     = {\_eprint: https://onlinelibrary.wiley.com/doi/pdf/10.1029/2007JE003005},
  keywords = {demagnetization, elastic thickness, heat flow, Tharsis plume},
  file     = {Full Text PDF:/Users/henry/Zotero/storage/INGLEGNX/Jellinek et al. - 2008 - Constraints on the elastic thickness, heat flow, a.pdf:application/pdf}
}

@article{kneissl_map-projection-independent_2011,
  series   = {Geological {Mapping} of {Mars}},
  title    = {Map-projection-independent crater size-frequency determination in {GIS} environments—{New} software tool for {ArcGIS}},
  volume   = {59},
  issn     = {0032-0633},
  url      = {https://www.sciencedirect.com/science/article/pii/S0032063310000887},
  doi      = {10.1016/j.pss.2010.03.015},
  number   = {11},
  urldate  = {2022-11-29},
  journal  = {Planetary and Space Science},
  author   = {Kneissl, T. and van Gasselt, S. and Neukum, G.},
  month    = sep,
  year     = {2011},
  keywords = {Age determination, Impact cratering, Planetary chronology, Planetary GIS, Stratigraphy},
  pages    = {1243--1254}
}

@misc{marozols_gnomonic_2022,
  title     = {Gnomonic projection},
  copyright = {Creative Commons Attribution-ShareAlike License},
  url       = {https://en.wikipedia.org/w/index.php?title=Gnomonic_projection&oldid=1098090357},
  urldate   = {2022-11-27},
  journal   = {Wikipedia},
  author    = {Marozols},
  month     = jul,
  year      = {2022},
  note      = {Page Version ID: 1098090357}
}

@article{mcgovern_olympus_2004,
  title      = {Olympus {Mons} aureole deposits: {New} evidence for a flank failure origin},
  volume     = {109},
  issn       = {2156-2202},
  shorttitle = {Olympus {Mons} aureole deposits},
  url        = {https://onlinelibrary.wiley.com/doi/abs/10.1029/2004JE002258},
  doi        = {10.1029/2004JE002258},
  number     = {E8},
  urldate    = {2023-01-03},
  journal    = {Journal of Geophysical Research: Planets},
  author     = {McGovern, P. J. and Smith, J. R. and Morgan, J. K. and Bulmer, M. H.},
  year       = {2004},
  note       = {\_eprint: https://onlinelibrary.wiley.com/doi/pdf/10.1029/2004JE002258},
  keywords   = {Mars, Olympus Mons, aureole, Hawaii, landslides, volcanic spreading},
  file       = {Full Text PDF:/Users/henry/Zotero/storage/L9DNM6UU/McGovern et al. - 2004 - Olympus Mons aureole deposits New evidence for a .pdf:application/pdf}
}

@article{mcgovern_state_1993,
  title   = {State of stress, faulting, and eruption characteristics of large volcanoes on {Mars}},
  volume  = {98},
  issn    = {2156-2202},
  url     = {https://onlinelibrary.wiley.com/doi/abs/10.1029/93JE03093},
  doi     = {10.1029/93JE03093},
  number  = {E12},
  urldate = {2023-01-03},
  journal = {Journal of Geophysical Research: Planets},
  author  = {McGovern, Patrick J. and Solomon, Sean C.},
  year    = {1993},
  note    = {\_eprint: https://onlinelibrary.wiley.com/doi/pdf/10.1029/93JE03093},
  pages   = {23553--23579},
  file    = {Submitted Version:/Users/henry/Zotero/storage/QQK853DN/McGovern and Solomon - 1993 - State of stress, faulting, and eruption characteri.pdf:application/pdf}
}

@article{mctigue_elastic_1987,
  title      = {Elastic stress and deformation near a finite spherical magma body: {Resolution} of the point source paradox},
  volume     = {92},
  issn       = {2156-2202},
  shorttitle = {Elastic stress and deformation near a finite spherical magma body},
  url        = {https://onlinelibrary.wiley.com/doi/abs/10.1029/JB092iB12p12931},
  doi        = {10.1029/JB092iB12p12931},
  number     = {B12},
  urldate    = {2022-07-26},
  journal    = {Journal of Geophysical Research: Solid Earth},
  author     = {McTigue, D. F.},
  year       = {1987},
  note       = {\_eprint: https://onlinelibrary.wiley.com/doi/pdf/10.1029/JB092iB12p12931},
  pages      = {12931--12940},
  file       = {McTigue - 1987 - Elastic stress and deformation near a finite spher.pdf:/Users/henry/Zotero/storage/ZNYCZSXB/McTigue - 1987 - Elastic stress and deformation near a finite spher.pdf:application/pdf}
}

@article{michael_planetary_2012,
  title      = {Planetary surface dating from crater size–frequency distribution measurements: {Spatial} randomness and clustering},
  volume     = {218},
  issn       = {0019-1035},
  shorttitle = {Planetary surface dating from crater size–frequency distribution measurements},
  url        = {https://www.sciencedirect.com/science/article/pii/S001910351100460X},
  doi        = {10.1016/j.icarus.2011.11.033},
  number     = {1},
  urldate    = {2023-01-03},
  journal    = {Icarus},
  author     = {Michael, G. G. and Platz, T. and Kneissl, T. and Schmedemann, N.},
  month      = mar,
  year       = {2012},
  keywords   = {Cratering, Mars, Surface, Geological processes},
  pages      = {169--177},
  file       = {Michael et al. - 2012 - Planetary surface dating from crater size–frequenc.pdf:/Users/henry/Zotero/storage/ZB2S9FDY/Michael et al. - 2012 - Planetary surface dating from crater size–frequenc.pdf:application/pdf}
}

@article{mogi_relations_1958,
  title   = {Relations between the eruptions of various volcanoes and the deformations of the ground surfaces around them},
  author  = {Kiyoo Mogi},
  journal = {Earthquake Research Institute},
  volume  = {36},
  pages   = {99--134},
  year    = {1958}
}

@article{morris_geologic_1994,
  title   = {Geologic maps of the {Olympus} {Mons} region of {Mars}},
  url     = {https://pubs.er.usgs.gov/publication/i2327},
  doi     = {10.3133/i2327},
  urldate = {2023-01-07},
  journal = {IMAP},
  author  = {Morris, E. C. and Tanaka, K. L.},
  year    = {1994},
  note    = {Number: 2327},
  file    = {Full Text PDF:/Users/henry/Zotero/storage/AYUBSSXS/Morris and Tanaka - 1994 - Geologic maps of the Olympus Mons region of Mars.pdf:application/pdf}
}

@article{mouginis-mark_ancient_1982,
  title     = {Ancient and modern slopes in the {Tharsis} region of {Mars}},
  volume    = {297},
  copyright = {1982 Nature Publishing Group},
  issn      = {1476-4687},
  url       = {https://www.nature.com/articles/297546a0},
  doi       = {10.1038/297546a0},
  number    = {5867},
  urldate   = {2023-03-08},
  journal   = {Nature},
  author    = {Mouginis-Mark, P. J. and Zisk, S. H. and Downs, G. S.},
  month     = jun,
  year      = {1982},
  note      = {Number: 5867
               Publisher: Nature Publishing Group},
  keywords  = {Humanities and Social Sciences, multidisciplinary, Science},
  pages     = {546--550}
}

@article{mouginis-mark_evolution_1992,
  title    = {Evolution of the {Olympus} {Mons} {Caldera}, {Mars}},
  volume   = {54},
  issn     = {1432-0819},
  url      = {https://doi.org/10.1007/BF00312318},
  doi      = {10.1007/BF00312318},
  number   = {5},
  urldate  = {2023-01-03},
  journal  = {Bulletin of Volcanology},
  author   = {Mouginis-Mark, Peter J. and Robinson, Mark S.},
  month    = jul,
  year     = {1992},
  keywords = {Sedimentology, Ample Evidence, Evolutionary Sequence, Magma Chamber, Radial Distance},
  pages    = {347--360},
  file     = {Mouginis-Mark and Robinson - 1992 - Evolution of the Olympus Mons Caldera, Mars.pdf:/Users/henry/Zotero/storage/7BWHB9H9/Mouginis-Mark and Robinson - 1992 - Evolution of the Olympus Mons Caldera, Mars.pdf:application/pdf}
}

@misc{mouginis-mark_geologic_2021,
  type      = {{USGS} {Numbered} {Series}},
  title     = {Geologic map of {Olympus} {Mons} caldera, {Mars}},
  url       = {http://pubs.er.usgs.gov/publication/sim3470},
  urldate   = {2023-01-25},
  publisher = {U.S. Geological Survey},
  author    = {Mouginis-Mark, Peter J.},
  year      = {2021},
  doi       = {10.3133/sim3470}
}

@article{mouginis-mark_late-stage_2019,
  title      = {Late-stage intrusive activity at {Olympus} {Mons}, {Mars}: {Summit} inflation and giant dike formation},
  volume     = {319},
  issn       = {0019-1035},
  shorttitle = {Late-stage intrusive activity at {Olympus} {Mons}, {Mars}},
  url        = {https://www.sciencedirect.com/science/article/pii/S0019103518302963},
  doi        = {10.1016/j.icarus.2018.09.038},
  urldate    = {2022-09-02},
  journal    = {Icarus},
  author     = {Mouginis-Mark, Peter J. and Wilson, Lionel},
  month      = feb,
  year       = {2019},
  keywords   = {Mars, Olympus Mons, Ascraeus Mons, Volcanic dikes},
  pages      = {459--469}
}


@article{mouginis-mark_olympus_2018,
  title      = {Olympus {Mons} volcano, {Mars}: {A} photogeologic view and new insights},
  volume     = {78},
  issn       = {0009-2819},
  shorttitle = {Olympus {Mons} volcano, {Mars}},
  url        = {https://www.sciencedirect.com/science/article/pii/S0009281917301800},
  doi        = {10.1016/j.chemer.2017.11.006},
  number     = {4},
  urldate    = {2023-01-03},
  journal    = {Geochemistry},
  author     = {Mouginis-Mark, Peter},
  month      = dec,
  year       = {2018},
  keywords   = {Mars, Olympus Mons, Terrestrial analogs, Volcanology},
  pages      = {397--431},
  file       = {Mouginis-Mark - 2018 - Olympus Mons volcano, Mars A photogeologic view a.pdf:/Users/henry/Zotero/storage/BG5ES9NH/Mouginis-Mark - 2018 - Olympus Mons volcano, Mars A photogeologic view a.pdf:application/pdf}
}


@incollection{mouginis-mark_tharsis_2021,
  title     = {The {Tharsis} {Province}},
  isbn      = {978-0-12-822876-0},
  url       = {https://www.sciencedirect.com/science/article/pii/B9780128228760000138},
  urldate   = {2022-09-02},
  booktitle = {The {Volcanoes} of {Mars}},
  publisher = {Elsevier},
  author    = {Mouginis-Mark, Peter J. and Crown, David A. and Zimbelman, James R. and Williams, David A.},
  editor    = {Zimbelman, James R. and Crown, David A. and Mouginis-Mark, Peter J. and Gregg, Tracy K. P.},
  month     = jan,
  year      = {2021},
  doi       = {10.1016/B978-0-12-822876-0.00013-8},
  keywords  = {Olympus Mons, Tharsis Montes, Aureole materials, Basal escarpment, Caldera, Explosive eruptions, Lava flows, SNC meteorites},
  pages     = {36--68},
  file      = {Mouginis-Mark et al. - 2021 - 3 - The Tharsis Province.pdf:/Users/henry/Zotero/storage/LR9CI88G/Mouginis-Mark et al. - 2021 - 3 - The Tharsis Province.pdf:application/pdf}
}

@article{musiol_lithospheric_2016,
  title    = {Lithospheric flexure and gravity spreading of {Olympus} {Mons} volcano, {Mars}},
  volume   = {121},
  issn     = {2169-9100},
  url      = {https://onlinelibrary.wiley.com/doi/abs/10.1002/2015JE004896},
  doi      = {10.1002/2015JE004896},
  number   = {3},
  urldate  = {2023-01-03},
  journal  = {Journal of Geophysical Research: Planets},
  author   = {Musiol, S. and Holohan, E. P. and Cailleau, B. and Platz, T. and Dumke, A. and Walter, T. R. and Williams, D. A. and van Gasselt, S.},
  year     = {2016},
  note     = {\_eprint: https://onlinelibrary.wiley.com/doi/pdf/10.1002/2015JE004896},
  keywords = {Olympus Mons, volcanic spreading, finite element model, lithospheric flexure, Mars volcano, terraces},
  pages    = {255--272},
  file     = {Full Text PDF:/Users/henry/Zotero/storage/NJ4LPQMT/Musiol et al. - 2016 - Lithospheric flexure and gravity spreading of Olym.pdf:application/pdf}
}

@article{neukum_recent_2004,
  title     = {Recent and episodic volcanic and glacial activity on {Mars} revealed by the {High} {Resolution} {Stereo} {Camera}},
  volume    = {432},
  copyright = {2005 Macmillan Magazines Ltd.},
  issn      = {1476-4687},
  url       = {https://www.nature.com/articles/nature03231},
  doi       = {10.1038/nature03231},
  number    = {7020},
  urldate   = {2022-11-05},
  journal   = {Nature},
  author    = {Neukum, G. and Jaumann, R. and Hoffmann, H. and Hauber, E. and Head, J. W. and Basilevsky, A. T. and Ivanov, B. A. and Werner, S. C. and van Gasselt, S. and Murray, J. B. and McCord, T.},
  month     = dec,
  year      = {2004},
  note      = {Number: 7020
               Publisher: Nature Publishing Group},
  keywords  = {Humanities and Social Sciences, multidisciplinary, Science},
  pages     = {971--979}
}

@article{nimmo_marss_2009,
  title     = {Mars's rotating shell},
  volume    = {2},
  copyright = {2009 Nature Publishing Group},
  issn      = {1752-0908},
  url       = {http://www.nature.com/articles/ngeo401},
  doi       = {10.1038/ngeo401},
  number    = {1},
  urldate   = {2022-06-15},
  journal   = {Nature Geoscience},
  author    = {Nimmo, Francis},
  month     = jan,
  year      = {2009},
  note      = {Number: 1
               Publisher: Nature Publishing Group},
  keywords  = {Geochemistry, Earth Sciences, Earth System Sciences, general, Geology, Geophysics/Geodesy},
  pages     = {7--8},
  file      = {Nimmo - 2009 - Mars's rotating shell.pdf:/Users/henry/Zotero/storage/NVGF7PPL/Nimmo - 2009 - Mars's rotating shell.pdf:application/pdf}
}

@article{nyquist_ages_2001,
  title    = {Ages and {Geologic} {Histories} of {Martian} {Meteorites}},
  volume   = {96},
  issn     = {0038-6308},
  url      = {https://ui.adsabs.harvard.edu/abs/2001SSRv...96..105N},
  doi      = {10.1023/A:1011993105172},
  urldate  = {2022-10-25},
  journal  = {Space Science Reviews},
  author   = {Nyquist, L. E. and Bogard, D. D. and Shih, C. -Y. and Greshake, A. and Stöffler, D. and Eugster, O.},
  month    = apr,
  year     = {2001},
  note     = {ADS Bibcode: 2001SSRv...96..105N},
  keywords = {COSMIC RAY EXPOSURE AGES, CRYSTALLIZATION AGES, EJECTION AGES, PROVENANCE, SHOCK EFFECTS, cosmic ray exposure ages, crystallization ages, ejection ages, provenance, shock effects},
  pages    = {105--164},
  file     = {Nyquist et al. - 2001 - Ages and Geologic Histories of Martian Meteorites.pdf:/Users/henry/Zotero/storage/FG473QPZ/Nyquist et al. - 2001 - Ages and Geologic Histories of Martian Meteorites.pdf:application/pdf}
}

@article{ogawa_four-stage_2021,
  title    = {The {Four}-{Stage} {Evolution} of {Martian} {Mantle} {Inferred} {From} {Numerical} {Simulation} of the {Magmatism}-{Mantle} {Upwelling} {Feedback}},
  volume   = {126},
  issn     = {2169-9100},
  url      = {http://onlinelibrary.wiley.com/doi/abs/10.1029/2021JE006997},
  doi      = {10.1029/2021JE006997},
  number   = {12},
  urldate  = {2022-06-15},
  journal  = {Journal of Geophysical Research: Planets},
  author   = {Ogawa, Masaki},
  year     = {2021},
  note     = {\_eprint: https://agupubs.onlinelibrary.wiley.com/doi/pdf/10.1029/2021JE006997},
  keywords = {Mars, dynamics: convection currents and mantle plumes, origin and evolution, planetary volcanism},
  pages    = {},
  file     = {Ogawa - 2021 - The Four-Stage Evolution of Martian Mantle Inferre.pdf:/Users/henry/Zotero/storage/8BA9DMJP/Ogawa - 2021 - The Four-Stage Evolution of Martian Mantle Inferre.pdf:application/pdf}
}

@article{parfitt_basaltic_1993,
  title      = {Basaltic magma reservoirs: factors controlling their rupture characteristics and evolution},
  volume     = {55},
  issn       = {0377-0273},
  shorttitle = {Basaltic magma reservoirs},
  url        = {https://www.sciencedirect.com/science/article/pii/0377027393900867},
  doi        = {10.1016/0377-0273(93)90086-7},
  number     = {1},
  urldate    = {2022-07-26},
  journal    = {Journal of Volcanology and Geothermal Research},
  author     = {Parfitt, E. A. and Wilson, L. and Head, J. W.},
  month      = feb,
  year       = {1993},
  pages      = {1--14},
  annote     = {fails to account for gravity
                },
  file       = {ScienceDirect Full Text PDF:/Users/henry/Zotero/storage/8FH7RYH3/Parfitt et al. - 1993 - Basaltic magma reservoirs factors controlling the.pdf:application/pdf}
}

@article{peitersen_correlations_2000,
  title   = {Correlations between topography and intraflow width behavior in {Martian} and terrestrial lava flows},
  volume  = {105},
  issn    = {2156-2202},
  url     = {https://onlinelibrary.wiley.com/doi/abs/10.1029/1999JE001033},
  doi     = {10.1029/1999JE001033},
  number  = {E2},
  urldate = {2023-01-03},
  journal = {Journal of Geophysical Research: Planets},
  author  = {Peitersen, Matthew N. and Crown, David A.},
  year    = {2000},
  note    = {\_eprint: https://onlinelibrary.wiley.com/doi/pdf/10.1029/1999JE001033},
  pages   = {4123--4134}
}

@article{peters_flank_2017,
  title    = {Flank vents and graben as indicators of {Late} {Amazonian} volcanotectonic activity on {Olympus} {Mons}},
  volume   = {122},
  issn     = {2169-9100},
  url      = {https://onlinelibrary.wiley.com/doi/abs/10.1002/2016JE005108},
  doi      = {10.1002/2016JE005108},
  number   = {3},
  urldate  = {2023-01-03},
  journal  = {Journal of Geophysical Research: Planets},
  author   = {Peters, S. I. and Christensen, P. R.},
  year     = {2017},
  note     = {\_eprint: https://onlinelibrary.wiley.com/doi/pdf/10.1002/2016JE005108},
  keywords = {volcanism, Olympus Mons, tectonism},
  pages    = {501--523},
  annote   = {smaller scale feature distribution
              },
  file     = {Full Text PDF:/Users/henry/Zotero/storage/ZPGSCQ68/Peters and Christensen - 2017 - Flank vents and graben as indicators of Late Amazo.pdf:application/pdf}
}

@article{peters_lava_2021,
  title    = {Lava {Flow} {Eruption} {Conditions} in the {Tharsis} {Volcanic} {Province} on {Mars}},
  volume   = {126},
  issn     = {2169-9100},
  url      = {https://onlinelibrary.wiley.com/doi/abs/10.1029/2020JE006791},
  doi      = {10.1029/2020JE006791},
  number   = {7},
  urldate  = {2022-06-10},
  journal  = {Journal of Geophysical Research: Planets},
  author   = {Peters, S. I. and Christensen, P. R. and Clarke, A. B.},
  year     = {2021},
  note     = {\_eprint: https://onlinelibrary.wiley.com/doi/pdf/10.1029/2020JE006791},
  keywords = {Mars, volcanism, effusive eruptions, lava flows},
  pages    = {},
  annote   = {e2020JE006791 2020JE006791},
  file     = {Full Text PDF:/Users/henry/Zotero/storage/XGN6ITKF/Peters et al. - 2021 - Lava Flow Eruption Conditions in the Tharsis Volca.pdf:application/pdf;Snapshot:/Users/henry/Zotero/storage/8WH33EH3/2020JE006791.html:text/html}
}

@article{pieterek_late_2022,
  title    = {Late {Amazonian} dike-fed distributed volcanism in the {Tharsis} volcanic province on {Mars}},
  volume   = {386},
  issn     = {0019-1035},
  url      = {https://www.sciencedirect.com/science/article/pii/S0019103522002548},
  doi      = {10.1016/j.icarus.2022.115151},
  urldate  = {2022-09-02},
  journal  = {Icarus},
  author   = {Pieterek, Bartosz and Ciazela, Jakub and Lagain, Anthony and Ciazela, Marta},
  month    = nov,
  year     = {2022},
  keywords = {Tharsis, Dikes, Magmatic plumbing system, Mapping, Martian volcanism},
  pages    = {115151},
  annote   = {could be promising
              },
  file     = {Pieterek et al. - 2022 - Late Amazonian dike-fed distributed volcanism in t.pdf:/Users/henry/Zotero/storage/ZUI298R5/Pieterek et al. - 2022 - Late Amazonian dike-fed distributed volcanism in t.pdf:application/pdf}
}

@article{platz_crater-based_2013,
  title      = {Crater-based dating of geological units on {Mars}: {Methods} and application for the new global geological map},
  volume     = {225},
  issn       = {0019-1035},
  shorttitle = {Crater-based dating of geological units on {Mars}},
  url        = {https://www.sciencedirect.com/science/article/pii/S0019103513001863},
  doi        = {10.1016/j.icarus.2013.04.021},
  number     = {1},
  urldate    = {2023-01-13},
  journal    = {Icarus},
  author     = {Platz, Thomas and Michael, Gregory and Tanaka, Kenneth L. and Skinner, James A. and Fortezzo, Corey M.},
  month      = jul,
  year       = {2013},
  keywords   = {Mars, Cratering, Mars, Surface, Geological processes, Impact processes},
  pages      = {806--827},
  file       = {Platz et al. - 2013 - Crater-based dating of geological units on Mars M.pdf:/Users/henry/Zotero/storage/8HR5MXN9/Platz et al. - 2013 - Crater-based dating of geological units on Mars M.pdf:application/pdf}
}

@article{plesa_thermal_2018,
  title    = {The {Thermal} {State} and {Interior} {Structure} of {Mars}},
  volume   = {45},
  issn     = {1944-8007},
  url      = {https://onlinelibrary.wiley.com/doi/abs/10.1029/2018GL080728},
  doi      = {10.1029/2018GL080728},
  number   = {22},
  urldate  = {2022-06-15},
  journal  = {Geophysical Research Letters},
  author   = {Plesa, A.-C. and Padovan, S. and Tosi, N. and Breuer, D. and Grott, M. and Wieczorek, M. A. and Spohn, T. and Smrekar, S. E. and Banerdt, W. B.},
  year     = {2018},
  note     = {\_eprint: https://onlinelibrary.wiley.com/doi/pdf/10.1029/2018GL080728},
  keywords = {Mars, thermal evolution, InSight, interior dynamics, interior structure},
  pages    = {12,198--12,209},
  file     = {Full Text PDF:/Users/henry/Zotero/storage/52BCNBP7/Plesa et al. - 2018 - The Thermal State and Interior Structure of Mars.pdf:application/pdf}
}

@article{plescia_morphometric_2004,
  title    = {Morphometric properties of {Martian} volcanoes},
  volume   = {109},
  issn     = {2156-2202},
  url      = {https://onlinelibrary.wiley.com/doi/abs/10.1029/2002JE002031},
  doi      = {10.1029/2002JE002031},
  number   = {E3},
  urldate  = {2022-06-10},
  journal  = {Journal of Geophysical Research: Planets},
  author   = {Plescia, J. B.},
  year     = {2004},
  keywords = {basaltic shield, highland patera, Mars, volcanism}
}

@article{pozzobon_volcano_2021,
  title      = {Volcano dynamics vs tectonics on {Mars}: evidence from {Pavonis} {Mons}},
  volume     = {410},
  issn       = {0377-0273},
  shorttitle = {Volcano dynamics vs tectonics on {Mars}},
  url        = {https://www.sciencedirect.com/science/article/pii/S0377027320305849},
  doi        = {10.1016/j.jvolgeores.2020.107148},
  urldate    = {2022-06-10},
  journal    = {Journal of Volcanology and Geothermal Research},
  author     = {Pozzobon, Riccardo and Orlandi, Diana and Pagli, Carolina and Mazzarini, Francesco},
  month      = feb,
  year       = {2021},
  keywords   = {dykes and faults models Pavonis, fractal clustering of volcanological and tectonic features, grabens, pit chains and faults on Pavonis Mons, Pavonis Mons rifting and volcano growth},
  pages      = {107148},
  file       = {Pozzobon et al. - 2021 - Volcano dynamics vs tectonics on Mars evidence fr.pdf:/Users/henry/Zotero/storage/V8BX4IBL/Pozzobon et al. - 2021 - Volcano dynamics vs tectonics on Mars evidence fr.pdf:application/pdf;ScienceDirect Snapshot:/Users/henry/Zotero/storage/SKM9QAEF/S0377027320305849.html:text/html}
}

@article{redmond_numerical_2004,
  title      = {A numerical study of a mantle plume beneath the {Tharsis} {Rise}: {Reconciling} dynamic uplift and lithospheric support models},
  volume     = {109},
  issn       = {2156-2202},
  shorttitle = {A numerical study of a mantle plume beneath the {Tharsis} {Rise}},
  url        = {https://onlinelibrary.wiley.com/doi/abs/10.1029/2003JE002228},
  doi        = {10.1029/2003JE002228},
  number     = {E9},
  urldate    = {2022-06-15},
  journal    = {Journal of Geophysical Research: Planets},
  author     = {Redmond, Hannah L. and King, Scott D.},
  year       = {2004},
  note       = {\_eprint: https://onlinelibrary.wiley.com/doi/pdf/10.1029/2003JE002228},
  keywords   = {mantle convection, mantle plume, Tharsis Rise},
  annote     = {content is not really relevant but a good reference for describing numerical models
                },
  file       = {Full Text PDF:/Users/henry/Zotero/storage/BDMC2A2Y/Redmond and King - 2004 - A numerical study of a mantle plume beneath the Th.pdf:application/pdf}
}

@article{richardson_small_2021,
  title    = {Small {Volcanic} {Vents} of the {Tharsis} {Volcanic} {Province}, {Mars}},
  volume   = {126},
  issn     = {2169-9100},
  url      = {http://onlinelibrary.wiley.com/doi/abs/10.1029/2020JE006620},
  doi      = {10.1029/2020JE006620},
  number   = {2},
  urldate  = {2022-06-15},
  journal  = {Journal of Geophysical Research: Planets},
  author   = {Richardson, J. A. and Bleacher, J. E. and Connor, C. B. and Glaze, L. S.},
  year     = {2021},
  note     = {\_eprint: https://agupubs.onlinelibrary.wiley.com/doi/pdf/10.1029/2020JE006620},
  keywords = {Mars, Tharsis, morphology, distributed volcanism, monogenetic, volcanology},
  pages    = {e2020JE006620},
  annote   = {e2020JE006620 2020JE006620}
}


@article{robbins_large_2013,
  title      = {Large impact crater histories of {Mars}: {The} effect of different model crater age techniques},
  volume     = {225},
  issn       = {0019-1035},
  shorttitle = {Large impact crater histories of {Mars}},
  url        = {https://www.sciencedirect.com/science/article/pii/S0019103513001358},
  doi        = {10.1016/j.icarus.2013.03.019},
  number     = {1},
  urldate    = {2023-01-13},
  journal    = {Icarus},
  author     = {Robbins, Stuart J. and Hynek, Brian M. and Lillis, Robert J. and Bottke, William F.},
  month      = jul,
  year       = {2013},
  keywords   = {Mars, Cratering, Mars, Surface, Asteroids, Dynamics, Magnetic fields},
  pages      = {173--184},
  file       = {Robbins et al. - 2013 - Large impact crater histories of Mars The effect .pdf:/Users/henry/Zotero/storage/63AF7VZ3/Robbins et al. - 2013 - Large impact crater histories of Mars The effect .pdf:application/pdf}
}


@article{robbins_volcanic_2011,
  title      = {The volcanic history of {Mars}: {High}-resolution crater-based studies of the calderas of 20 volcanoes},
  volume     = {211},
  issn       = {0019-1035},
  shorttitle = {The volcanic history of {Mars}},
  url        = {https://www.sciencedirect.com/science/article/pii/S0019103510004318},
  doi        = {10.1016/j.icarus.2010.11.012},
  number     = {2},
  urldate    = {2022-09-02},
  journal    = {Icarus},
  author     = {Robbins, Stuart J. and Achille, Gaetano Di and Hynek, Brian M.},
  month      = feb,
  year       = {2011},
  keywords   = {Mars, Volcanism, Cratering, Mars, Surface},
  pages      = {1179--1203},
  file       = {Robbins et al. - 2011 - The volcanic history of Mars High-resolution crat.pdf:/Users/henry/Zotero/storage/QAK5F8CT/Robbins et al. - 2011 - The volcanic history of Mars High-resolution crat.pdf:application/pdf}
}

@article{roberts_plume-induced_2004,
  title    = {Plume-induced topography and geoid anomalies and their implications for the {Tharsis} rise on {Mars}},
  volume   = {109},
  issn     = {2156-2202},
  url      = {https://onlinelibrary.wiley.com/doi/abs/10.1029/2003JE002226},
  doi      = {10.1029/2003JE002226},
  number   = {E3},
  urldate  = {2022-06-15},
  journal  = {Journal of Geophysical Research: Planets},
  author   = {Roberts, James H. and Zhong, Shijie},
  year     = {2004},
  keywords = {Tharsis, geoid, Martian geophysics}
}

@article{ruff_bright_2002,
  title      = {Bright and dark regions on {Mars}: {Particle} size and mineralogical characteristics based on {Thermal} {Emission} {Spectrometer} data},
  volume     = {107},
  issn       = {2156-2202},
  shorttitle = {Bright and dark regions on {Mars}},
  url        = {https://onlinelibrary.wiley.com/doi/abs/10.1029/2001JE001580},
  doi        = {10.1029/2001JE001580},
  number     = {E12},
  urldate    = {2023-01-07},
  journal    = {Journal of Geophysical Research: Planets},
  author     = {Ruff, Steven W. and Christensen, Philip R.},
  year       = {2002},
  note       = {\_eprint: https://onlinelibrary.wiley.com/doi/pdf/10.1029/2001JE001580},
  keywords   = {Mars, albedo, dust, infrared, TES},
  pages      = {2--1--2--22},
  file       = {Full Text PDF:/Users/henry/Zotero/storage/4YI37QTU/Ruff and Christensen - 2002 - Bright and dark regions on Mars Particle size and.pdf:application/pdf}
}

@article{smith_mars_2001,
  title      = {Mars {Orbiter} {Laser} {Altimeter}: {Experiment} summary after the first year of global mapping of {Mars}},
  volume     = {106},
  issn       = {2156-2202},
  shorttitle = {{Mars} {Orbiter} {Laser} {Altimeter}},
  url        = {https://onlinelibrary.wiley.com/doi/abs/10.1029/2000JE001364},
  doi        = {10.1029/2000JE001364},
  number     = {E10},
  urldate    = {2022-11-29},
  journal    = {Journal of Geophysical Research: Planets},
  author     = {Smith, David E. and Zuber, Maria T. and Frey, Herbert V. and Garvin, James B. and Head, James W. and Muhleman, Duane O. and Pettengill, Gordon H. and Phillips, Roger J. and Solomon, Sean C. and Zwally, H. Jay and Banerdt, W. Bruce and Duxbury, Thomas C. and Golombek, Matthew P. and Lemoine, Frank G. and Neumann, Gregory A. and Rowlands, David D. and Aharonson, Oded and Ford, Peter G. and Ivanov, Anton B. and Johnson, Catherine L. and McGovern, Patrick J. and Abshire, James B. and Afzal, Robert S. and Sun, Xiaoli},
  year       = {2001},
  pages      = {23689--23722}
}

@article{sramek_martian_2012,
  title    = {Martian crustal dichotomy and {Tharsis} formation by partial melting coupled to early plume migration},
  volume   = {117},
  issn     = {2156-2202},
  url      = {https://onlinelibrary.wiley.com/doi/abs/10.1029/2011JE003867},
  doi      = {10.1029/2011JE003867},
  number   = {E1},
  urldate  = {2022-06-15},
  journal  = {Journal of Geophysical Research: Planets},
  author   = {Šrámek, Ondřej and Zhong, Shijie},
  year     = {2012},
  note     = {\_eprint: https://onlinelibrary.wiley.com/doi/pdf/10.1029/2011JE003867},
  keywords = {Mars, lithospheric dynamics, mantle convection, partial melting},
  file     = {Full Text PDF:/Users/henry/Zotero/storage/IGQ2K3ST/Šrámek and Zhong - 2012 - Martian crustal dichotomy and Tharsis formation by.pdf:application/pdf}
}

@article{staddon_dating_2021,
  title    = {Dating martian mafic crust; microstructurally constrained baddeleyite geochronology of enriched shergottites {Northwest} {Africa} ({NWA}) 7257, {NWA} 8679 and {Zagami}},
  volume   = {315},
  issn     = {0016-7037},
  url      = {https://www.sciencedirect.com/science/article/pii/S0016703721005883},
  doi      = {10.1016/j.gca.2021.09.034},
  urldate  = {2022-10-25},
  journal  = {Geochimica et Cosmochimica Acta},
  author   = {Staddon, Leanne G. and Darling, James R. and Schwarz, Winfried H. and Stephen, Natasha R. and Schuindt, Sheila and Dunlop, Joseph and Tait, Kimberly T.},
  month    = dec,
  year     = {2021},
  keywords = {Baddeleyite, Chronology, EBSD, Shergottite, Shock metamorphism},
  pages    = {73--88},
  file     = {ScienceDirect Full Text PDF:/Users/henry/Zotero/storage/TLCDIWCI/Staddon et al. - 2021 - Dating martian mafic crust\; microstructurally cons.pdf:application/pdf}
}

@article{taylor_what_2020,
  title    = {What can {Olympus} {Mons} tell us about the {Martian} lithosphere?},
  volume   = {402},
  issn     = {0377-0273},
  url      = {https://www.sciencedirect.com/science/article/pii/S0377027320302523},
  doi      = {10.1016/j.jvolgeores.2020.106981},
  urldate  = {2022-06-10},
  journal  = {Journal of Volcanology and Geothermal Research},
  author   = {Taylor, Nicola C. and Johnson, Jessica H. and Herd, Richard A. and Regan, Catherine E.},
  month    = sep,
  year     = {2020},
  keywords = {Mars, Finite element models, Lithospheric flexure, Olympus Mons},
  pages    = {106981},
  file     = {Full Text:/Users/henry/Zotero/storage/GPN4XRJY/Taylor et al. - 2020 - What can Olympus Mons tell us about the Martian li.pdf:application/pdf;ScienceDirect Snapshot:/Users/henry/Zotero/storage/4JWNJY79/S0377027320302523.html:text/html}
}

@article{thomas_flank_1990,
  title    = {Flank tectonics of {Martian} volcanoes},
  volume   = {95},
  issn     = {2156-2202},
  url      = {https://onlinelibrary.wiley.com/doi/abs/10.1029/JB095iB09p14345},
  doi      = {10.1029/JB095iB09p14345},
  language = {en},
  number   = {B9},
  urldate  = {2023-01-07},
  journal  = {Journal of Geophysical Research: Solid Earth},
  author   = {Thomas, Paul J. and Squyres, Steven W. and Carr, Michael H.},
  year     = {1990},
  note     = {\_eprint: https://onlinelibrary.wiley.com/doi/pdf/10.1029/JB095iB09p14345},
  pages    = {14345--14355}
}

@misc{veness_calculate,
  title   = {Calculate distance and bearing between two {Latitude}/{Longitude} points using haversine formula in {JavaScript}},
  url     = {http://www.movable-type.co.uk/scripts/latlong.html#ellipsoid},
  urldate = {2023-03-19},
  journal = {Movable Type Scripts},
  author  = {Veness, Chris}
}

@article{wadge_lobes_1991,
  title    = {The lobes of lava flows on {Earth} and {Olympus} {Mons}, {Mars}},
  volume   = {54},
  issn     = {1432-0819},
  url      = {https://doi.org/10.1007/BF00278203},
  doi      = {10.1007/BF00278203},
  number   = {1},
  urldate  = {2023-01-07},
  journal  = {Bulletin of Volcanology},
  author   = {Wadge, G. and Lopes, RMC},
  month    = dec,
  year     = {1991},
  keywords = {Aerial Photograph, Aspect Ratio, Fluid Model, Lava Flow, Silica Content},
  pages    = {10--24},
  file     = {Wadge and Lopes - 1991 - The lobes of lava flows on Earth and Olympus Mons,.pdf:/Users/henry/Zotero/storage/P9IGI7FB/Wadge and Lopes - 1991 - The lobes of lava flows on Earth and Olympus Mons,.pdf:application/pdf}
}

@article{werner_global_2009,
  title    = {The global martian volcanic evolutionary history},
  volume   = {201},
  issn     = {0019-1035},
  url      = {https://www.sciencedirect.com/science/article/pii/S0019103508004478},
  doi      = {10.1016/j.icarus.2008.12.019},
  number   = {1},
  urldate  = {2022-11-05},
  journal  = {Icarus},
  author   = {Werner, Stephanie C.},
  month    = may,
  year     = {2009},
  keywords = {Mars, Impact processes},
  pages    = {44--68},
  file     = {ScienceDirect Full Text PDF:/Users/henry/Zotero/storage/RFKMYC9X/Werner - 2009 - The global martian volcanic evolutionary history.pdf:application/pdf}
}

@misc{williams_aviation,
  title   = {Aviation {Formulary} {V1}.47},
  url     = {http://www.edwilliams.org/avform147.htm#Crs},
  urldate = {2023-03-19},
  author  = {Williams, Ed}
}


@article{wilson_evidence_2001,
  title   = {Evidence for episodicity in the magma supply to the large {Tharsis} volcanoes},
  volume  = {106},
  issn    = {2156-2202},
  url     = {https://onlinelibrary.wiley.com/doi/abs/10.1029/2000JE001280},
  doi     = {10.1029/2000JE001280},
  number  = {E1},
  urldate = {2023-01-03},
  journal = {Journal of Geophysical Research: Planets},
  author  = {Wilson, Lionel and Scott, Evelyn D. and Head III, James W.},
  year    = {2001},
  note    = {\_eprint: https://onlinelibrary.wiley.com/doi/pdf/10.1029/2000JE001280},
  pages   = {1423--1433},
  file    = {Full Text PDF:/Users/henry/Zotero/storage/CEDN98KH/Wilson et al. - 2001 - Evidence for episodicity in the magma supply to th.pdf:application/pdf}
}

@article{wilson_fissure_2009,
  series     = {Tectonic and volcanic history of the {Tharsis} province, {Mars}},
  title      = {Fissure eruptions in {Tharsis}, {Mars}: {Implications} for eruption conditions and magma sources},
  volume     = {185},
  issn       = {0377-0273},
  shorttitle = {Fissure eruptions in {Tharsis}, {Mars}},
  url        = {https://www.sciencedirect.com/science/article/pii/S0377027309001413},
  doi        = {10.1016/j.jvolgeores.2009.03.006},
  number     = {1},
  urldate    = {2022-06-10},
  journal    = {Journal of Volcanology and Geothermal Research},
  author     = {Wilson, Lionel and Mouginis-Mark, Peter J. and Tyson, Shelly and Mackown, Jennifer and Garbeil, Harold},
  month      = aug,
  year       = {2009},
  keywords   = {eruption rates, fire fountains, fissure eruptions, spatter ramparts, Tharsis, Mars},
  pages      = {28--46},
  annote     = {maybe include in discussion when evaluating magma budget
                },
  file       = {Wilson et al. - 2009 - Fissure eruptions in Tharsis, Mars Implications f.pdf:/Users/henry/Zotero/storage/ZECCF5PQ/Wilson et al. - 2009 - Fissure eruptions in Tharsis, Mars Implications f.pdf:application/pdf}
}


@article{wilson_relationship_1992,
  title      = {The relationship between the height of a volcano and the depth to its magma source zone: {A} critical reexamination},
  volume     = {19},
  issn       = {1944-8007},
  shorttitle = {The relationship between the height of a volcano and the depth to its magma source zone},
  url        = {https://onlinelibrary.wiley.com/doi/abs/10.1029/92GL01073},
  doi        = {10.1029/92GL01073},
  number     = {13},
  urldate    = {2023-01-07},
  journal    = {Geophysical Research Letters},
  author     = {Wilson, Lionel and Head III, James W. and Parfitt, Elisabeth A.},
  year       = {1992},
  note       = {\_eprint: https://onlinelibrary.wiley.com/doi/pdf/10.1029/92GL01073},
  pages      = {1395--1398},
  file       = {Wilson et al. - 1992 - The relationship between the height of a volcano a.pdf:/Users/henry/Zotero/storage/SJYKH8II/Wilson et al. - 1992 - The relationship between the height of a volcano a.pdf:application/pdf}
}


@article{wilson_tharsis-radial_2002,
  title      = {Tharsis-radial graben systems as the surface manifestation of plume-related dike intrusion complexes: {Models} and implications},
  volume     = {107},
  issn       = {2156-2202},
  shorttitle = {Tharsis-radial graben systems as the surface manifestation of plume-related dike intrusion complexes},
  url        = {https://onlinelibrary.wiley.com/doi/abs/10.1029/2001JE001593},
  doi        = {10.1029/2001JE001593},
  number     = {E8},
  urldate    = {2022-06-10},
  journal    = {Journal of Geophysical Research: Planets},
  author     = {Wilson, Lionel and Head III, James W.},
  year       = {2002},
  note       = {\_eprint: https://onlinelibrary.wiley.com/doi/pdf/10.1029/2001JE001593},
  keywords   = {Mars, volcanism, Tharsis, graben, dikes},
  pages      = {1--1--1--24},
  file       = {Full Text PDF:/Users/henry/Zotero/storage/BDLDQ7J6/Wilson and Head III - 2002 - Tharsis-radial graben systems as the surface manif.pdf:application/pdf;Snapshot:/Users/henry/Zotero/storage/BWPMP6LJ/2001JE001593.html:text/html}
}


@article{wyrick_dike-induced_2009,
  series   = {Tectonic and volcanic history of the {Tharsis} province, {Mars}},
  title    = {Dike-induced deformation and {Martian} graben systems},
  volume   = {185},
  issn     = {0377-0273},
  url      = {https://www.sciencedirect.com/science/article/pii/S0377027308006215},
  doi      = {10.1016/j.jvolgeores.2008.11.022},
  number   = {1},
  urldate  = {2022-06-10},
  journal  = {Journal of Volcanology and Geothermal Research},
  author   = {Wyrick, Danielle Y. and Smart, Kevin J.},
  month    = aug,
  year     = {2009},
  keywords = {Mars, deformation, dike, graben},
  pages    = {1--11},
  file     = {ScienceDirect Snapshot:/Users/henry/Zotero/storage/BM2MV2WC/S0377027308006215.html:text/html;Wyrick and Smart - 2009 - Dike-induced deformation and Martian graben system.pdf:/Users/henry/Zotero/storage/NJLLTY6J/Wyrick and Smart - 2009 - Dike-induced deformation and Martian graben system.pdf:application/pdf}
}


@article{wyrick_distribution_2004,
  title    = {Distribution, morphology, and origins of {Martian} pit crater chains},
  volume   = {109},
  issn     = {2156-2202},
  url      = {https://onlinelibrary.wiley.com/doi/abs/10.1029/2004JE002240},
  doi      = {10.1029/2004JE002240},
  number   = {E6},
  urldate  = {2023-01-10},
  journal  = {Journal of Geophysical Research: Planets},
  author   = {Wyrick, Danielle and Ferrill, David A. and Morris, Alan P. and Colton, Shannon L. and Sims, Darrell W.},
  year     = {2004},
  note     = {\_eprint: https://onlinelibrary.wiley.com/doi/pdf/10.1029/2004JE002240},
  keywords = {Mars, chains, pits},
  file     = {Full Text PDF:/Users/henry/Zotero/storage/CGQPHKQ5/Wyrick et al. - 2004 - Distribution, morphology, and origins of Martian p.pdf:application/pdf}
}



@incollection{zimbelman_volcanism_2015,
  edition   = {2},
  title     = {Volcanism on {Mars}},
  isbn      = {978-0-12-385938-9},
  url       = {https://www.sciencedirect.com/science/article/pii/B9780123859389000419},
  urldate   = {2022-06-10},
  booktitle = {The {Encyclopedia} of {Volcanoes}},
  publisher = {Academic Press},
  author    = {Zimbelman, James R. and Garry, William Brent and Bleacher, Jacob Elvin and Crown, David A.},
  editor    = {Sigurdsson, Haraldur},
  month     = jan,
  year      = {2015},
  doi       = {10.1016/B978-0-12-385938-9.00041-9},
  keywords  = {Olympus Mons, Comparative planetology, Mars rovers, Martian meteorites, Patera, Pyroclastics, Tholus, Volcanic plains},
  pages     = {717--728},
  file      = {ScienceDirect Snapshot:/Users/henry/Zotero/storage/DJE2JPTW/B9780123859389000419.html:text/html;Zimbelman et al. - 2015 - Chapter 41 - Volcanism on Mars.pdf:/Users/henry/Zotero/storage/CEB3F9D2/Zimbelman et al. - 2015 - Chapter 41 - Volcanism on Mars.pdf:application/pdf}
}


@article{zuber_caldera_1992,
  title   = {Caldera subsidence and magma chamber depth of the {Olympus} {Mons} volcano, {Mars}},
  volume  = {97},
  issn    = {2156-2202},
  url     = {https://onlinelibrary.wiley.com/doi/abs/10.1029/92JE01770},
  doi     = {10.1029/92JE01770},
  number  = {E11},
  urldate = {2023-01-03},
  journal = {Journal of Geophysical Research: Planets},
  author  = {Zuber, M. T. and Mouginis-Mark, P. J.},
  year    = {1992},
  note    = {\_eprint: https://onlinelibrary.wiley.com/doi/pdf/10.1029/92JE01770},
  pages   = {18295--18307}
}
